<record><leader>00000cas a22000007a 4500</leader><controlfield tag="001">17465458</controlfield><controlfield tag="008">880212d19331937pauwr ne      0    0eng d</controlfield><datafield ind1=" " ind2=" " tag="010"><subfield code="a">sn 88079085 </subfield></datafield><datafield ind1=" " ind2=" " tag="040"><subfield code="a">NPH</subfield><subfield code="b">eng</subfield><subfield code="c">NPH</subfield><subfield code="d">OCLCQ</subfield></datafield><datafield ind1=" " ind2=" " tag="042"><subfield code="a">msc</subfield></datafield><datafield ind1="0" ind2="0" tag="245"><subfield code="a">Hellertown tribune.</subfield></datafield><datafield ind1=" " ind2=" " tag="260"><subfield code="a">Hellertown, Pa. :</subfield><subfield code="b">Peerless Pub. Co.</subfield></datafield><datafield ind1=" " ind2=" " tag="300"><subfield code="a">v. :</subfield><subfield code="b">ill. ;</subfield><subfield code="c">43 cm.</subfield></datafield><datafield ind1=" " ind2=" " tag="310"><subfield code="a">Weekly</subfield></datafield><datafield ind1="1" ind2=" " tag="362"><subfield code="a">Began in 1933; ceased in 1937?</subfield></datafield><datafield ind1=" " ind2=" " tag="500"><subfield code="a">Publisher: Alexander Fetsko.</subfield></datafield><datafield ind1=" " ind2=" " tag="500"><subfield code="a">Editor: Myron Krivits.</subfield></datafield><datafield ind1=" " ind2=" " tag="588"><subfield code="a">Description based on: Vol. 2, no. 23 (Jan. 4, 1935).</subfield></datafield><datafield ind1=" " ind2=" " tag="752"><subfield code="a">United States</subfield><subfield code="b">Pennsylvania</subfield><subfield code="c">Northampton</subfield><subfield code="d">Hellertown.</subfield></datafield><datafield ind1="0" ind2="4" tag="785"><subfield code="t">Bethlehem bulletin</subfield><subfield code="w">(DLC)sn 88079082</subfield></datafield><datafield ind1="1" ind2=" " tag="029"><subfield code="a">AU@</subfield><subfield code="b">000025787433</subfield></datafield></record>